<record><leader>00000cas a2200000 a 4500</leader><controlfield tag="001">37634842</controlfield><controlfield tag="008">970917d1861186uscu x ne      0    0eng c</controlfield><datafield ind1=" " ind2=" " tag="010"><subfield code="a">sn 97061146 </subfield></datafield><datafield ind1=" " ind2=" " tag="040"><subfield code="a">NVF</subfield><subfield code="b">eng</subfield><subfield code="c">NVF</subfield><subfield code="d">OCL</subfield><subfield code="d">OCLCQ</subfield><subfield code="d">OCLCF</subfield><subfield code="d">OCLCO</subfield></datafield><datafield ind1=" " ind2=" " tag="042"><subfield code="a">pcc</subfield></datafield><datafield ind1=" " ind2=" " tag="043"><subfield code="a">n-us-sc</subfield></datafield><datafield ind1="0" ind2=" " tag="130"><subfield code="a">Camp kettle (Beaufort, S.C.)</subfield></datafield><datafield ind1="1" ind2="4" tag="245"><subfield code="a">The camp kettle.</subfield></datafield><datafield ind1=" " ind2=" " tag="260"><subfield code="a">Beaufort, S.C. :</subfield><subfield code="b">Field and Staff of the Roundhead Regiment</subfield></datafield><datafield ind1=" " ind2=" " tag="300"><subfield code="a">v.</subfield></datafield><datafield ind1=" " ind2=" " tag="310"><subfield code="a">Irregular</subfield></datafield><datafield ind1="1" ind2=" " tag="362"><subfield code="a">Began in 1861.</subfield></datafield><datafield ind1=" " ind2=" " tag="500"><subfield code="a">"The Camp Kettle is published every opportunity by the Field and Staff of the Roundhead Regiment ...</subfield></datafield><datafield ind1=" " ind2=" " tag="588"><subfield code="a">Description based on: Vol. 1, no. 9 (Jan. 7, 1862).</subfield></datafield><datafield ind1=" " ind2="0" tag="651"><subfield code="a">Beaufort (S.C.)</subfield><subfield code="v">Newspapers.</subfield></datafield><datafield ind1=" " ind2="7" tag="655"><subfield code="a">Newspapers.</subfield><subfield code="2">fast</subfield><subfield code="0">(OCoLC)fst01423814</subfield></datafield><datafield ind1=" " ind2="7" tag="651"><subfield code="a">South Carolina</subfield><subfield code="z">Beaufort.</subfield><subfield code="2">fast</subfield><subfield code="0">(OCoLC)fst01216715</subfield></datafield><datafield ind1="1" ind2=" " tag="710"><subfield code="a">United States.</subfield><subfield code="b">Army.</subfield><subfield code="b">Pennsylvania Infantry Regiment, 100th (1861-1865)</subfield></datafield><datafield ind1=" " ind2=" " tag="752"><subfield code="a">United States</subfield><subfield code="b">South Carolina</subfield><subfield code="c">Beaufort</subfield><subfield code="d">Beaufort.</subfield></datafield></record>